% Encoding: UTF-8

@article{POTAPOV2021112165,
title = {Mapping global forest canopy height through integration of GEDI and Landsat data},
journal = {Remote Sensing of Environment},
volume = {253},
pages = {112165},
year = {2021},
issn = {0034-4257},
doi = {10.1016/j.rse.2020.112165},
url = {https://www.sciencedirect.com/science/article/pii/S0034425720305381},
author = {Peter Potapov and Xinyuan Li and Andres Hernandez-Serna and Alexandra Tyukavina and Matthew C. Hansen and Anil Kommareddy and Amy Pickens and Svetlana Turubanova and Hao Tang and Carlos Edibaldo Silva and John Armston and Ralph Dubayah and J. Bryan Blair and Michelle Hofton},
}

@article{lang2023high,
  title={A high-resolution canopy height model of the Earth},
  author={Lang, Nico and Jetz, Walter and Schindler, Konrad and Wegner, Jan Dirk},
  journal={Nature Ecology \& Evolution},
  doi={10.1038/s41559-023-02206-6},
  pages={1--12},
  year={2023},
  publisher={Nature Publishing Group UK London}
}

@article{RADELOFF2024113918,
title = {Need and vision for global medium-resolution Landsat and Sentinel-2 data products},
journal = {Remote Sensing of Environment},
volume = {300},
pages = {113918},
year = {2024},
issn = {0034-4257},
doi = {10.1016/j.rse.2023.113918},
url = {https://www.sciencedirect.com/science/article/pii/S0034425723004704},
author = {Volker C. Radeloff and David P. Roy and Michael A. Wulder and Martha Anderson and Bruce Cook and Christopher J. Crawford and Mark Friedl and Feng Gao and Noel Gorelick and Matthew Hansen and Sean Healey and Patrick Hostert and Glynn Hulley and Justin L. Huntington and David M. Johnson and Chris Neigh and Alexei Lyapustin and Leo Lymburner and Nima Pahlevan and Jean-Francois Pekel and Theodore A. Scambos and Crystal Schaaf and Peter Strobl and Curtis E. Woodcock and Hankui K. Zhang and Zhe Zhu},
}

@Article{Brown2022,
  author        = {Brown, Christopher F. and Brumby, Steven P. and Guzder-Williams, Brookie and Birch, Tanya and Hyde, Samantha Brooks and Mazzariello, Joseph and Czerwinski, Wanda and Pasquarella, Valerie J. and Haertel, Robert and Ilyushchenko, Simon and Schwehr, Kurt and Weisse, Mikaela and Stolle, Fred and Hanson, Craig and Guinan, Oliver and Moore, Rebecca and Tait, Alexander M.},
  title         = {Dynamic World, Near real-time global 10 m land use land cover mapping},
  journal       = {Scientific Data},
  year          = {2022},
  volume        = {9},
  number        = {1},
  pages         = {251},
  month         = jun,
  issn          = {2052-4463},
  url           = {https://doi.org/10.1038/s41597-022-01307-4},
}

@Article{rs8121036,
AUTHOR = {Herold, Martin and See, Linda and Tsendbazar, Nandin-Erdene and Fritz, Steffen},
TITLE = {Towards an Integrated Global Land Cover Monitoring and Mapping System},
JOURNAL = {Remote Sensing},
VOLUME = {8},
YEAR = {2016},
NUMBER = {12},
ARTICLE-NUMBER = {1036},
URL = {https://www.mdpi.com/2072-4292/8/12/1036},
ISSN = {2072-4292},
DOI = {10.3390/rs8121036}
}

@Article{Pekel2016,
  author        = {Pekel, Jean-François and Cottam, Andrew and Gorelick, Noel and Belward, Alan S.},
  title         = {High-resolution mapping of global surface water and its long-term changes},
  journal       = {Nature},
  year          = {2016},
  volume        = {540},
  number        = {7633},
  pages         = {418--422},
  month         = dec,
  issn          = {1476-4687},
  doi           = {10.1038/nature20584},
  url           = {https://doi.org/10.1038/nature20584},
}

@article{pickens2020mapping,
  title={Mapping and sampling to characterize global inland water dynamics from 1999 to 2018 with full Landsat time-series},
  author={Pickens, Amy H and Hansen, Matthew C and Hancher, Matthew and Stehman, Stephen V and Tyukavina, Alexandra and Potapov, Peter and Marroquin, Byron and Sherani, Zainab},
  journal={Remote Sensing of Environment},
  volume={243},
  pages={111792},
  year={2020},
  doi={10.1016/j.rse.2020.111792},
  publisher={Elsevier}
}

@article{prigent2020satellite,
  title={Satellite-derived global surface water extent and dynamics over the last 25 years (GIEMS-2)},
  author={Prigent, C and Jimenez, C and Bousquet, P},
  journal={Journal of Geophysical Research: Atmospheres},
  volume={125},
  number={3},
  pages={e2019JD030711},
  doi={10.1029/2019JD030711},
  year={2020},
  publisher={Wiley Online Library}
}

@Article{rs12030426,
AUTHOR = {Potapov, Peter and Hansen, Matthew C. and Kommareddy, Indrani and Kommareddy, Anil and Turubanova, Svetlana and Pickens, Amy and Adusei, Bernard and Tyukavina, Alexandra and Ying, Qing},
TITLE = {Landsat Analysis Ready Data for Global Land Cover and Land Cover Change Mapping},
JOURNAL = {Remote Sensing},
VOLUME = {12},
YEAR = {2020},
NUMBER = {3},
ARTICLE-NUMBER = {426},
URL = {https://www.mdpi.com/2072-4292/12/3/426},
ISSN = {2072-4292},
DOI = {10.3390/rs12030426}
}

@article{hansen2013high,
  title={High-resolution global maps of 21st-century forest cover change},
  author={Hansen, Matthew C and Potapov, Peter V and Moore, Rebecca and Hancher, Matt and Turubanova, Svetlana A and Tyukavina, Alexandra and Thau, David and Stehman, Stephen V and Goetz, Scott J and Loveland, Thomas R and others},
  journal={science},
  volume={342},
  number={6160},
  pages={850--853},
  doi={10.1126/science.1244693},
  year={2013},
  publisher={American Association for the Advancement of Science}
}

@Article{Zhang2021,
AUTHOR = {Zhang, X. and Liu, L. and Chen, X. and Gao, Y. and Xie, S. and Mi, J.},
TITLE = {GLC\_FCS30: global land-cover product with fine classification system at 30\,m using time-series Landsat imagery},
JOURNAL = {Earth System Science Data},
VOLUME = {13},
YEAR = {2021},
NUMBER = {6},
PAGES = {2753--2776},
URL = {https://essd.copernicus.org/articles/13/2753/2021/},
DOI = {10.5194/essd-13-2753-2021}
}

@ARTICLE{Potapov2022,
AUTHOR={Potapov, Peter and Hansen, Matthew C. and Pickens, Amy and Hernandez-Serna, Andres and Tyukavina, Alexandra and Turubanova, Svetlana and Zalles, Viviana and Li, Xinyuan and Khan, Ahmad and Stolle, Fred and Harris, Nancy and Song, Xiao-Peng and Baggett, Antoine and Kommareddy, Indrani and Kommareddy, Anil},
TITLE={The Global 2000-2020 Land Cover and Land Use Change Dataset Derived From the Landsat Archive: First Results},
JOURNAL={Frontiers in Remote Sensing},
VOLUME={3},
YEAR={2022},
URL={https://www.frontiersin.org/articles/10.3389/frsen.2022.856903},
DOI={10.3389/frsen.2022.856903},
ISSN={2673-6187},
}

@Article{rs12061044,
AUTHOR = {Buchhorn, Marcel and Lesiv, Myroslava and Tsendbazar, Nandin-Erdene and Herold, Martin and Bertels, Luc and Smets, Bruno},
TITLE = {Copernicus Global Land Cover Layers—Collection 2},
JOURNAL = {Remote Sensing},
VOLUME = {12},
YEAR = {2020},
NUMBER = {6},
ARTICLE-NUMBER = {1044},
URL = {https://www.mdpi.com/2072-4292/12/6/1044},
ISSN = {2072-4292},
DOI = {10.3390/rs12061044}
}

@Article{Liu2020ESSD,
AUTHOR = {Liu, H. and Gong, P. and Wang, J. and Clinton, N. and Bai, Y. and Liang, S.},
TITLE = {Annual dynamics of global land cover and its long-term changes from 1982 to
2015},
JOURNAL = {Earth System Science Data},
VOLUME = {12},
YEAR = {2020},
NUMBER = {2},
PAGES = {1217--1243},
URL = {https://essd.copernicus.org/articles/12/1217/2020/},
DOI = {10.5194/essd-12-1217-2020}
}

@article{Song2017,
author = {Xiao-Peng Song, Chengquan Huang and John R. Townshend},
title = {Improving global land cover characterization through data fusion},
journal = {Geo-spatial Information Science},
volume = {20},
number = {2},
pages = {141-150},
year = {2017},
publisher = {Taylor \& Francis},
doi = {10.1080/10095020.2017.1323522},
eprint = {https://doi.org/10.1080/10095020.2017.1323522}
}

@Article{Stanimirova2023,
  author        = {Stanimirova, Radost and Tarrio, Katelyn and Turlej, Konrad and McAvoy, Kristina and Stonebrook, Sophia and Hu, Kai-Ting and Arévalo, Paulo and Bullock, Eric L. and Zhang, Yingtong and Woodcock, Curtis E. and Olofsson, Pontus and Zhu, Zhe and Barber, Christopher P. and Souza, Carlos M. and Chen, Shijuan and Wang, Jonathan A. and Mensah, Foster and Calderón-Loor, Marco and Hadjikakou, Michalis and Bryan, Brett A. and Graesser, Jordan and Beyene, Dereje L. and Mutasha, Brian and Siame, Sylvester and Siampale, Abel and Friedl, Mark A.},
  title         = {A global land cover training dataset from 1984 to 2020},
  journal       = {Scientific Data},
  year          = {2023},
  volume        = {10},
  number        = {1},
  pages         = {879},
  month         = dec,
  issn          = {2052-4463},
  doi           = {10.1038/s41597-023-02798-5},
  url           = {https://doi.org/10.1038/s41597-023-02798-5},
}

@article{Liu2021,
author = {Liangyun Liu  and Xiao Zhang  and Yuan Gao  and Xidong Chen  and Xie Shuai  and Jun Mi },
title = {Finer-Resolution Mapping of Global Land Cover: Recent Developments, Consistency Analysis, and Prospects},
journal = {Journal of Remote Sensing},
volume = {2021},
number = {},
pages = {},
year = {2021},
doi = {10.34133/2021/5289697},
URL = {https://spj.science.org/doi/abs/10.34133/2021/5289697},
eprint = {https://spj.science.org/doi/pdf/10.34133/2021/5289697},
}

@article{GONG2019370,
title = {Stable classification with limited sample: transferring a 30-m resolution sample set collected in 2015 to mapping 10-m resolution global land cover in 2017},
journal = {Science Bulletin},
volume = {64},
number = {6},
pages = {370-373},
year = {2019},
issn = {2095-9273},
doi = {10.1016/j.scib.2019.03.002},
author = {Peng Gong and Han Liu and Meinan Zhang and Congcong Li and Jie Wang and Huabing Huang and Nicholas Clinton and Luyan Ji and Wenyu Li and Yuqi Bai and Bin Chen and Bing Xu and Zhiliang Zhu and Cui Yuan and Hoi {Ping Suen} and Jing Guo and Nan Xu and Weijia Li and Yuanyuan Zhao and Jun Yang and Chaoqing Yu and Xi Wang and Haohuan Fu and Le Yu and Iryna Dronova and Fengming Hui and Xiao Cheng and Xueli Shi and Fengjin Xiao and Qiufeng Liu and Lianchun Song}
}

@Article{Fritz2017,
  author   = {Fritz, Steffen and See, Linda and Perger, Christoph and McCallum, Ian and Schill, Christian and Schepaschenko, Dmitry and Duerauer, Martina and Karner, Mathias and Dresel, Christopher and Laso-Bayas, Juan-Carlos and Lesiv, Myroslava and Moorthy, Inian and Salk, Carl F. and Danylo, Olha and Sturn, Tobias and Albrecht, Franziska and You, Liangzhi and Kraxner, Florian and Obersteiner, Michael},
  title    = {A global dataset of crowdsourced land cover and land use reference data},
  journal  = {Scientific Data},
  doi={10.1038/sdata.2017.75},
  year     = {2017},
  volume   = {4},
  number   = {1},
  pages    = {170075},
  month    = jun,
  issn     = {2052-4463},
  url      = {https://doi.org/10.1038/sdata.2017.75},
}

@article{Halpern2008,
author = {Benjamin S. Halpern  and Shaun Walbridge  and Kimberly A. Selkoe  and Carrie V. Kappel  and Fiorenza Micheli  and Caterina D'Agrosa  and John F. Bruno  and Kenneth S. Casey  and Colin Ebert  and Helen E. Fox  and Rod Fujita  and Dennis Heinemann  and Hunter S. Lenihan  and Elizabeth M. P. Madin  and Matthew T. Perry  and Elizabeth R. Selig  and Mark Spalding  and Robert Steneck  and Reg Watson },
title = {A Global Map of Human Impact on Marine Ecosystems},
journal = {Science},
volume = {319},
number = {5865},
pages = {948-952},
year = {2008},
doi = {10.1126/science.1149345},
eprint = {https://www.science.org/doi/pdf/10.1126/science.1149345},
}

@article{weiss_global_2020,
	title = {Global maps of travel time to healthcare facilities},
	volume = {26},
	issn = {1546-170X},
	doi = {10.1038/s41591-020-1059-1},
	number = {12},
	journal = {Nature Medicine},
	author = {Weiss, D. J. and Nelson, A. and Vargas-Ruiz, C. A. and Gligorić, K. and Bavadekar, S. and Gabrilovich, E. and Bertozzi-Villa, A. and Rozier, J. and Gibson, H. S. and Shekel, T. and Kamath, C. and Lieber, A. and Schulman, K. and Shao, Y. and Qarkaxhija, V. and Nandi, A. K. and Keddie, S. H. and Rumisha, S. and Amratia, P. and Arambepola, R. and Chestnutt, E. G. and Millar, J. J. and Symons, T. L. and Cameron, E. and Battle, K. E. and Bhatt, S. and Gething, P. W.},
	month = dec,
	year = {2020},
	pages = {1835--1838},
}

@article{weiss2018global,
  title={A global map of travel time to cities to assess inequalities in accessibility in 2015},
  author={Weiss, Daniel J and Nelson, Andy and Gibson, HS and Temperley, W and Peedell, Stephen and Lieber, Allie and Hancher, Matt and Poyart, Eduardo and Belchior, Sim{\~a}o and Fullman, Nancy and others},
  journal={Nature},
  volume={553},
  number={7688},
  pages={333--336},
  doi={10.1038/nature25181},
  year={2018},
  publisher={Nature Publishing Group UK London}
}

@article{zhao2022global,
  title={A global dataset of annual urban extents (1992--2020) from harmonized nighttime lights},
  author={Zhao, Min and Cheng, Changxiu and Zhou, Yuyu and Li, Xuecao and Shen, Shi and Song, Changqing},
  journal={Earth System Science Data},
  volume={14},
  number={2},
  pages={517--534},
  year={2022},
  doi={10.5194/essd-14-517-2022},
  publisher={Copernicus GmbH}
}

@article{elvidge2021annual,
  title={Annual time series of global VIIRS nighttime lights derived from monthly averages: 2012 to 2019},
  author={Elvidge, Christopher D and Zhizhin, Mikhail and Ghosh, Tilottama and Hsu, Feng-Chi and Taneja, Jay},
  journal={Remote Sensing},
  volume={13},
  number={5},
  pages={922},
  year={2021},
  doi={10.3390/rs13050922},
  publisher={MDPI}
}

@article{doll2006mapping,
  title={Mapping regional economic activity from night-time light satellite imagery},
  author={Doll, Christopher NH and Muller, Jan-Peter and Morley, Jeremy G},
  journal={Ecological Economics},
  volume={57},
  number={1},
  pages={75--92},
  year={2006},
  doi={10.1016/j.ecolecon.2005.03.007},
  publisher={Elsevier}
}

@book{schiavina2022ghsl,
  title={GHSL data package 2022},
  author={Schiavina, Marcello and Melchiorri, Michele and Pesaresi, Martino and Politis, Panagiotis and Freire, S and Maffenini, Luca and Florio, Pietro and Ehrlich, Daniele and Goch, Katarzyna and Tommasi, Pierpaolo and others},
  publisher={Publications Office of the European Union},
  doi={10.2760/098587},
  address={Luxembourg},
  isbn={978-92-68-02341-9},
  year={2022}
}

@book{gao2020global,
  title={Global 1-km downscaled population base year and projection grids based on the shared socioeconomic pathways, revision 01},
  author={Gao, J},
  publisher={NASA Socioeconomic Data and Applications Center (SEDAC)},
  address={Palisades, New York},
  doi={10.7927/q7z9-9r69},
  year={2020}
}

@inproceedings{carlotto2017enhancing,
  title={Enhancing vector shoreline data using a data fusion approach},
  author={Carlotto, Mark and Nebrich, Mark and DeMichele, David},
  booktitle={Signal Processing, Sensor/Information Fusion, and Target Recognition XXVI},
  volume={10200},
  pages={285--291},
  year={2017},
  doi={10.1117/12.2265422},
  organization={SPIE}
}

@article{mccracken2019updating,
  title={Updating the Register of International River Basins of the world},
  author={McCracken, Melissa and Wolf, Aaron T},
  journal={International Journal of Water Resources Development},
  volume={35},
  number={5},
  pages={732--782},
  year={2019},
  doi={10.1080/07900627.2019.1572497},
  publisher={Taylor \& Francis}
}

@article{hijmans2005,
 author = "Hijmans, R. J. and S. E. Cameron and J. L. Parra and P. G. Jones and A. Jarvis",
 title = "2005",
 journal = "Very high resolution interpolated climate surfaces for global land areas. {International} {Journal} of {Climatology}",
 volume = "25",
 pages = "1965--1978",
 year =
}

@article{kriticos2012climond,
 author = "Kriticos, D. J. and Webber, B. L. and Leriche, A. and Ota, N. and Macadam, I. and Bathols, J. and Scott, J. K.",
 title = "CliMond: global high resolution historical and future scenario climate surfaces for bioclimatic modelling",
 journal = "Methods in Ecology and Evolution",
 volume = "3",
 pages = "53--64",
 year = 2012
}

@article{kubota2007,
 author = "Kubota, T. and Shige, S. and Hashizume, H. and Aonashi, K. and Takahashi, N. and Seto, S. and Hirose, M. and Takayabu, Y. N. and Nakagawa, K. and Iwanami, K. and Ushio, T. and Kachi, M. and Okamoto, K.",
 title = "2007",
 journal = "Global {Precipitation} {Map} using {Satelliteborne} {Microwave} {Radiometers} by the {GSMaP} {Project}: {Production} and {Validation}. {IEEE} {Trans}. {Geosci}. {Remote} {Sens}.",
 volume = "45",
 number = "7",
 pages = "2259--2275",
 year =
}

@article{new2002,
 author = "New, M. and Lister, D. and Hulme, M. and Makin, I.",
 title = "2002: {A} high-resolution data set of surface climate over global land areas",
 journal = "Climate Research",
 volume = "21",
 pages = "1--25",
 year =
}

@article{wan2004quality,
 author = "Wan, Z. and Zhang, Y. and Zhang, Q. and Li, Z. L.",
 title = "Quality assessment and validation of the {MODIS} global land surface temperature",
 journal = "International Journal of Remote Sensing",
 volume = "25",
 pages = "261--274",
 year = 2004
}

@book{amante2008etopo1,
 author = "Amante, C. and Eakins, B. W.",
 title = "ETOPO1 1 Arc-Minute Global Relief Model: Procedures, Data Sources and Analysis",
 publisher = "National Geophysical Data Center, {NESDIS}, {NOAA}, U. S",
 year = 2008
}

@article{becker2009kim,
 author = "Becker, J. J. and D. T. Sandwell and W. H. F. Smith and J. Braud and B. Binder and J. Depner and D. Fabre and J. Factor and S. Ingalls and S-H.",
 title = "Kim",
 journal = "R. {Ladner}, {K}. {Marks}, {S}. {Nelson}, {A}. {Pharaoh}, {G}. {Sharman}, {R}. {Trimmer}, {J}. {vonRosenburg}, {G}. {Wallace}, {P}. {Weatherall}., 2009. {Global} {Bathymetry} and {Elevation} {Data} at",
 volume = "30",
 address = "Arc Seconds Resolution",
 publisher = "SRTM30_PLUS",
 volume = "32",
 pages = "4",
 year = 2009
}

@article{blakey2008gondwana,
 author = "Blakey, R. C.",
 title = "Gondwana paleogeography from assembly to breakup - a 500 million year odyssey",
 journal = "in: Fielding, Christopher R., Frank, Tracy D., and Isbell, John L. (eds), Resolving the Late Paleozoic Ice Age in Time and Space: Geological Society of America, Special Paper",
 address = "(eds), Resolving the Late Paleozoic Ice Age in Time and Space",
 publisher = "Geological Society of America",
 volume = "441",
 pages = "1--28",
 year = 2008
}

@article{danielson20122011,
 author = "Danielson, J. J. and Gesch, D. B.",
 title = "2011",
 journal = "Global multi-resolution terrain elevation data 2010 ({GMTED}2010): {U}. {S}. {Geological} {Survey} {Open}-{File} {Report} 2011�1073",
 volume = "26",
 pages = "Drăguţ",
 year = 2012
}

@article{1999global,
 author = "GLOBE Task Team (eds.)",
 title = "The Global Land One-kilometer Base Elevation ({GLOBE}) Digital Elevation Model",
 journal = "Version 1. 0. National Oceanic and Atmospheric Administration, National Geophysical Data Center",
 volume = "0.",
 number = "325",
 year = 1999
}

@book{iwahashi2007automated,
 author = "Iwahashi, J. and Pike, R. J.",
 title = "Automated classifications of topography from {DEMs} by an unsupervised nested-means algorithm and a three-part geometric signature",
 publisher = "Geomorphology, 86(3�4): 409-440",
 year = 2007
}

@article{krieger2007tandemx,
 author = "Krieger, G. and Moreira, A. and Fiedler, H. and Hajnsek, I. and Werner, M. and Younis, M. and Zink, M.",
 title = "TanDEM-{X}: {A} satellite formation for high-resolution {SAR} interferometry",
 journal = "Geoscience and Remote Sensing, {IEEE} Transactions on",
 volume = "45",
 number = "11",
 pages = "3317--3341",
 year = 2007
}

@article{kornus2006dem,
 author = "Kornus, W. and Alam�s, R. and Ruiz, A. and Talaya, J.",
 title = "DEM generation from {SPOT}-5 3-fold along track stereoscopic imagery using autocalibration",
 journal = "ISPRS Journal of Photogrammetry and Remote Sensing",
 volume = "",
 year = 2006
}

@article{rabus2003shuttle,
 author = "Rabus, B. Eineder and M., Roth and A., Bamler and R.",
 title = "The shuttle radar topography mission - a new class of digital elevation models acquired by {Spaceborne} radar",
 journal = "ISPRS Journal of Photogrammetry Remote Sensing",
 volume = "",
 year = 2003
}

@book{robinson2014earthenvdem90,
 author = "Robinson, N. and Regetz, J. and Guralnick, R. P.",
 title = "EarthEnv-{DEM}90: {A} nearly-global, void-free, multi-scale smoothed, 90m digital elevation model from fused {ASTER} and {SRTM} data",
 publisher = "ISPRS Journal of Photogrammetry and Remote Sensing",
 pages = "57--67",
 year = 2014
}

@article{bailey20051986,
 author = "Bailey, R. G. and H. C. Hogg",
 title = "1986",
 journal = "A world ecoregions map for resource reporting. {Environmental} {Conservation}, {Vol}. 13, {No}. 3, pp. 195-202. {Groombridge}, {B}., {Jenkins}, {M}. {D}., 2002. {World} {Atlas} of {Biodiversity}: {Earth}'s {Living} {Resources} in the 21st {Century}. {University} of {California} {Press}, pp. 340. {Kier}, {G}., {Mutke}, {J}., {Dinerstein}, {E}., {Ricketts}, {T}. {H}., {K}�per, {W}., {Kreft}, {H}. and {Barthlott}, {W}. 2005. {Global} patterns of plant diversity and floristic knowledge. {Journal} of {Biogeography}",
 volume = "13",
 number = "3",
 address = "World Atlas of Biodiversity",
 publisher = "Earth's Living Resources in the 21st Century",
 volume = "32",
 pages = "1107--1116",
 year = 2005
}

@article{kreft2000global,
 author = "Kreft, H. and Jetz, W.",
 title = "Global Patterns and Determinants of Vascular Plant Diversity",
 journal = "Proceedings National Academy of Science",
 volume = "104",
 address = "Terrestrial Ecoregions of the World",
 publisher = "A New Map of Life on Earth",
 volume = "51",
 pages = "933--938",
 year = 2000
}

@book{amante2008etopo1,
 author = "Amante, C. and Eakins, B. W.",
 title = "ETOPO1 1 Arc-Minute Global Relief Model: Procedures, Data Sources and Analysis",
 publisher = "National Geophysical Data Center, {NESDIS}, {NOAA}, U. S",
 year = 2008
}

@article{becker2009kim,
 author = "Becker, J. J. and D. T. Sandwell and W. H. F. Smith and J. Braud and B. Binder and J. Depner and D. Fabre and J. Factor and S. Ingalls and S-H.",
 title = "Kim",
 journal = "R. {Ladner}, {K}. {Marks}, {S}. {Nelson}, {A}. {Pharaoh}, {G}. {Sharman}, {R}. {Trimmer}, {J}. {vonRosenburg}, {G}. {Wallace}, {P}. {Weatherall}., 2009. {Global} {Bathymetry} and {Elevation} {Data} at",
 volume = "30",
 address = "Arc Seconds Resolution",
 publisher = "SRTM30_PLUS",
 volume = "32",
 pages = "4",
 year = 2009
}

@article{blakey2008gondwana,
 author = "Blakey, R. C.",
 title = "Gondwana paleogeography from assembly to breakup - a 500 million year odyssey",
 journal = "in: Fielding, Christopher R., Frank, Tracy D., and Isbell, John L. (eds), Resolving the Late Paleozoic Ice Age in Time and Space: Geological Society of America, Special Paper",
 address = "(eds), Resolving the Late Paleozoic Ice Age in Time and Space",
 publisher = "Geological Society of America",
 volume = "441",
 pages = "1--28",
 year = 2008
}

@article{danielson20122011,
 author = "Danielson, J. J. and Gesch, D. B.",
 title = "2011",
 journal = "Global multi-resolution terrain elevation data 2010 ({GMTED}2010): {U}. {S}. {Geological} {Survey} {Open}-{File} {Report} 2011�1073",
 volume = "26",
 pages = "Drăguţ",
 year = 2012
}

@article{1999global,
 author = "GLOBE Task Team (eds.)",
 title = "The Global Land One-kilometer Base Elevation ({GLOBE}) Digital Elevation Model",
 journal = "Version 1. 0. National Oceanic and Atmospheric Administration, National Geophysical Data Center",
 volume = "0.",
 number = "325",
 year = 1999
}

@book{iwahashi2007automated,
 author = "Iwahashi, J. and Pike, R. J.",
 title = "Automated classifications of topography from {DEMs} by an unsupervised nested-means algorithm and a three-part geometric signature",
 publisher = "Geomorphology, 86(3�4): 409-440",
 year = 2007
}

@article{krieger2007tandemx,
 author = "Krieger, G. and Moreira, A. and Fiedler, H. and Hajnsek, I. and Werner, M. and Younis, M. and Zink, M.",
 title = "TanDEM-{X}: {A} satellite formation for high-resolution {SAR} interferometry",
 journal = "Geoscience and Remote Sensing, {IEEE} Transactions on",
 volume = "45",
 number = "11",
 pages = "3317--3341",
 year = 2007
}

@article{kornus2006dem,
 author = "Kornus, W. and Alam�s, R. and Ruiz, A. and Talaya, J.",
 title = "DEM generation from {SPOT}-5 3-fold along track stereoscopic imagery using autocalibration",
 journal = "ISPRS Journal of Photogrammetry and Remote Sensing",
 volume = "",
 year = 2006
}

@article{rabus2003shuttle,
 author = "Rabus, B. Eineder and M., Roth and A., Bamler and R.",
 title = "The shuttle radar topography mission - a new class of digital elevation models acquired by {Spaceborne} radar",
 journal = "ISPRS Journal of Photogrammetry Remote Sensing",
 volume = "",
 year = 2003
}

@book{robinson2014earthenvdem90,
 author = "Robinson, N. and Regetz, J. and Guralnick, R. P.",
 title = "EarthEnv-{DEM}90: {A} nearly-global, void-free, multi-scale smoothed, 90m digital elevation model from fused {ASTER} and {SRTM} data",
 publisher = "ISPRS Journal of Photogrammetry and Remote Sensing",
 pages = "57--67",
 year = 2014
}

@article{bailey1986,
 author = "Bailey, R. G. and H. C. Hogg",
 title = "A world ecoregions map for resource reporting",
 journal = "Environmental Conservation",
 volume = "13",
 number = "3",
 pages = "195--202",
 year = "1986"
}

@book{groombridge2005world,
 author = "Groombridge, B. and Jenkins, M. D.",
 title = "World Atlas of Biodiversity: Earth's Living Resources in the 21st Century",
 journal = "University of California Press",
 volume = "32",
 pages = "1107--1116",
 year = 2005
}

@article{kreft2007global,
 author = "Kreft, H. and Jetz, W.",
 title = "Global Patterns and Determinants of Vascular Plant Diversity",
 journal = "Proceedings National Academy of Science",
 volume = "104",
 pages = "5925--5930",
 year = 2007
}

@article{olson2001,
 author = "Olson, D. M. and others",
 title = "Terrestrial Ecoregions of the World: A New Map of Life on Earth",
 journal = "BioScience",
 volume = "51",
 pages = "933--938",
 year = "2001"
}

@book{ruesch2008new,
 author = "Ruesch, A. and Gibbs, H. K.",
 title = "New {IPCC} Tier-1 Global Biomass Carbon Map For the Year 2000",
 publisher = "Carbon Dioxide Information Analysis Center, Oak Ridge National Laboratory, Oak Ridge, Tennessee",
 year = 2008
}

@article{batjes2009harmonized,
 author = "Batjes, N. H.",
 title = "Harmonized soil profile data for applications at global and continental scales: updates to the {WISE} database",
 journal = "Soil Use and Management",
 volume = "25",
 number = "2",
 pages = "124--127",
 year = 2009
}

@book{boyse19geological,
 author = "Boyse, P.",
 title = "Geological {Map} of the {World} at 1:50, 000, 000, 3rd edt, {Commission} for the {Geological} {Map} of the {World}, {Paris}",
 publisher = "19",
 year = 19
}

@book{fischer2008global,
 author = "Fischer, G. and F. Nachtergaele and S. Prieler and H. T. van Velthuizen and L. Verelst and D. Wiberg",
 title = "Global Agro-ecological Zones Assessment for Agriculture ({GAEZ} 2008)",
 publisher = "IIASA, Laxenburg, Austria and {FAO}, Rome, Italy",
 year = 2008
}

@article{hartmann2012new,
 author = "Hartmann, J. and Moosdorf, N.",
 title = "The new global lithological map database {GLiM}: {A} representation of rock properties at the {Earth} surface",
 journal = "Geochemistry, {Geophysics}, {Geosystems}, v",
 volume = "13.",
 year = 2012
}

@article{jackson2007onegeology,
 author = "Jackson, I.",
 title = "OneGeology : making geological map data for the earth accessible",
 journal = "Episodes",
 volume = "30",
 pages = "60--61",
 year = 2007
}

@article{amatulli2020geomorpho90m,
  title={Geomorpho90m, empirical evaluation and accuracy assessment of global high-resolution geomorphometric layers},
  author={Amatulli, Giuseppe and McInerney, Daniel and Sethi, Tushar and Strobl, Peter and Domisch, Sami},
  journal={Scientific Data},
  volume={7},
  number={1},
  pages={162},
  year={2020},
  doi={10.1038/s41597-020-0479-6},
  publisher={Nature Publishing Group UK London}
}

@article{batjes2020standardised,
  title={Standardised soil profile data to support global mapping and modelling (WoSIS snapshot 2019)},
  author={Batjes, Niels H and Ribeiro, Eloi and Van Oostrum, Ad},
  journal={Earth System Science Data},
  volume={12},
  number={1},
  pages={299--320},
  year={2020},
  doi={10.5194/essd-12-299-2020},
  publisher={Copernicus GmbH}
}

@article{Fick2017WorldClim,
author = {Fick, Stephen E. and Hijmans, Robert J.},
title = {{WorldClim 2: new 1-km spatial resolution climate surfaces for global land areas}},
journal = {International Journal of Climatology},
volume = {37},
number = {12},
pages = {4302-4315},
keywords = {interpolation, climate surfaces, WorldClim, MODIS, land surface temperature, cloud cover, solar radiation, wind speed, vapour pressure},
doi = {10.1002/joc.5086},
url = {https://rmets.onlinelibrary.wiley.com/doi/abs/10.1002/joc.5086},
year = {2017}
}

@article{HartmannMoosdorf2012,
author = {Hartmann, Jens and Moosdorf, Nils},
title = {{The new global lithological map database GLiM: A representation of rock properties at the Earth surface}},
journal = {Geochemistry, Geophysics, Geosystems},
volume = {13},
number = {12},
doi = {10.1029/2012GC004370},
url = {https://agupubs.onlinelibrary.wiley.com/doi/abs/10.1029/2012GC004370},
year = {2012}
}

@article{hengl2017a,
  author = {Hengl, T. and Jesus, J.M. and Heuvelink, G.B. and Gonzalez, M.R. and Kilibarda, M. and Blagotić, A. and Guevara, M.A.},
  date = {2017},
  title = {SoilGrids250m: Global gridded soil information based on machine learning},
  volume = {12},
  doi = {10.1371%2Fjournal.pone.0169748},
  language = {en},
  journal = {PLoS one},
  number = {2}
}

@article{MERITDEM,
author = {Yamazaki, Dai and Ikeshima, Daiki and Sosa, Jeison and Bates, Paul D. and Allen, George H. and Pavelsky, Tamlin M.},
title = {{MERIT Hydro: A High-Resolution Global Hydrography Map Based on Latest Topography Dataset}},
journal = {Water Resources Research},
volume = {55},
number = {6},
pages = {5053-5073},
doi = {10.1029/2019WR024873},
url = {https://agupubs.onlinelibrary.wiley.com/doi/abs/10.1029/2019WR024873},
year = {2019}
}

@article{barbarossa2018flo1k,
  title={FLO1K, global maps of mean, maximum and minimum annual streamflow at 1 km resolution from 1960 through 2015},
  author={Barbarossa, Valerio and Huijbregts, Mark AJ and Beusen, Arthur HW and Beck, Hylke E and King, Henry and Schipper, Aafke M},
  journal={Scientific Data},
  volume={5},
  number={1},
  pages={1--11},
  year={2018},
  doi={10.1038/sdata.2018.52},
  publisher={Nature Publishing Group}
}

@article{chen2015xgboost,
  title={{Xgboost: extreme gradient boosting}},
  author={Chen, Tianqi and He, Tong and Benesty, Michael and Khotilovich, Vadim and Tang, Yuan and Cho, Hyunsu and others},
  journal={CRAN R-Project},
  url={https://cran.r-project.org/package=xgboost},
  year={2015}
}

@article{wright2017ranger,
  title={{ranger: A Fast Implementation of Random Forests for High Dimensional Data in C++ and R}},
  author={Wright, Marvin N and Ziegler, Andreas},
  journal={Journal of Statistical Software},
  volume={77},
  number={1},
  doi={10.18637/jss.v077.i01},
  pages={1--17},
  year={2017}
}

@article{kuhn2012cubist,
  title={Cubist models for regression},
  author={Kuhn, Max and Weston, Steve and Keefer, Chris and Coulter, Nathan},
  journal={CRAN R-Project},
  url={https://cran.r-project.org/package=Cubist},
  year={2012}
}


@book{bohner2008saga,
  title={SAGA—Seconds Out, vol. 19},
  author={B{\"o}hner, J and Blaschke, T and Montanarella, L},
  publisher={Hamburger Beitr{\"a}ge zur Physischen Geographie und Landschafts{\"o}kologie},
  address={Hamburg, Germany},
  year={2008}
}



@book{agriculture2019soil,
  title={Soil Survey Field and Laboratory Methods Manual - Soil Survey Investigations Report No. 51 (Version 2) Issued 2014},
  author={{USDA NRCS}},
  isbn={9780359573516},
  year={2019},
  publisher={U.S. Department of Agriculture, Natural Resources Conservation Service},
  address={Lincoln, Nebraska},
}

@incollection{nelson1983total,
  title={Total carbon, organic carbon, and organic matter},
  author={Nelson, DW and Sommers, L\_E},
  booktitle={Methods of soil analysis: Part 2 chemical and microbiological properties},
  volume={9},
  pages={539--579},
  year={1983},
  publisher={Wiley Online Library}
}

@article{skaggs2001estimating,
  title={Estimating particle-size distribution from limited soil texture data},
  author={Skaggs, TH and Arya, LM and Shouse, PJ and Mohanty, BP},
  journal={Soil Science Society of America Journal},
  volume={65},
  number={4},
  pages={1038--1044},
  year={2001},
  publisher={Wiley Online Library}
}


@article{ramcharan2017soil,
  title={{A soil bulk density pedotransfer function based on machine learning: A case study with the NCSS soil characterization database}},
  author={Ramcharan, Amanda and Hengl, Tomislav and Beaudette, Dylan and Wills, Skye},
  journal={Soil Science Society of America Journal},
  volume={81},
  number={6},
  pages={1279--1287},
  doi={10.2136/sssaj2016.12.0421},
  year={2017},
  publisher={Wiley Online Library}
}


@book{hengl2019predictive,
  title={{Predictive soil mapping with R}},
  author={Hengl, Tomislav and MacMillan, Robert A},
  year={2019},
  url={https://soilmapper.org},
  publisher={Lulu. com},
  pages={370},
  isbn={978-0-359-30635-0}
}
